@article{altschul1997gapped,
  title={Gapped BLAST and PSI-BLAST: a new generation of protein database search programs},
  author={Altschul, Stephen F and Madden, Thomas L and Sch{\"a}ffer, Alejandro A and Zhang, Jinghui and Zhang, Zheng and Miller, Webb and Lipman, David J},
  journal={Nucleic acids research},
  volume={25},
  number={17},
  pages={3389--3402},
  year={1997},
  publisher={Oxford Univ Press}
}
@article{concentration_kashin,
  title={A simple proof of the restricted isometry property for random matrices},
  author={Baraniuk, Richard and Davenport, Mark and DeVore, Ronald and Wakin, Michael},
  journal={Constructive Approximation},
  volume={28},
  number={3},
  pages={253--263},
  year={2008},
  publisher={Springer}
}
@inproceedings{concentration_achlioptas,
  title={Database-friendly random projections},
  author={Dimitris, Achlioptas},
  booktitle={Proceedings of the twentieth ACM SIGMOD-SIGACTSIGART symposium on Principles of database systems, PODS'01 New York, NY, USA},
  pages={274--281},
  year={2001},
  organization={ACM}
}



@inproceedings{saade_opu,
  title={Random projections through multiple optical scattering: Approximating kernels at the speed of light},
  author={Saade, Alaa and Caltagirone, Francesco and Carron, Igor and Daudet, Laurent and Dr{\'e}meau, Ang{\'e}lique and Gigan, Sylvain and Krzakala, Florent},
  booktitle={2016 IEEE International Conference on Acoustics, Speech and Signal Processing (ICASSP)},
  pages={6215--6219},
  year={2016},
  organization={IEEE}
}
@article{kriege_graph_kernels,
  title={A survey on graph kernels},
  author={Kriege, Nils M and Johansson, Fredrik D and Morris, Christopher},
  journal={Applied Network Science},
  volume={5},
  number={1},
  pages={1--42},
  year={2020},
  publisher={Springer}
}


@inproceedings{graphlet_kernel,
  title={Efficient graphlet kernels for large graph comparison},
  author={Shervashidze, Nino and Vishwanathan, SVN and Petri, Tobias and Mehlhorn, Kurt and Borgwardt, Karsten},
  booktitle={Artificial Intelligence and Statistics},
  pages={488--495},
  year={2009}
}

@inproceedings{rahimi2008random,
  title={Random features for large-scale kernel machines},
  author={Rahimi, Ali and Recht, Benjamin},
  booktitle={Advances in neural information processing systems},
  pages={1177--1184},
  year={2008}
}

@article{baker2007novel,
  title={A novel linear plasmid mediates flagellar variation in Salmonella Typhi},
  author={Baker, Stephen and Hardy, Jonathan and Sanderson, Kenneth E and Quail, Michael and Goodhead, Ian and Kingsley, Robert A and Parkhill, Julian and Stocker, Bruce and Dougan, Gordon},
  journal={PLoS Pathog},
  volume={3},
  number={5},
  pages={e59},
  year={2007},
  publisher={Public Library of Science}
}
@online{wetterstrand2016,
  title={DNA Sequencing Costs: Data from the \uppercase{NHGRI} Genome Sequencing Program (\uppercase{GSP})},
  author={Wetterstrand, K A},
  year={2016},
  url={www.genome.gov/sequencingcosts}
}